@article{Debevec98,
    author = {Paul Debevec and Yizhou Yu and George Borshukov},
    title = {Efficient View-Dependent Image-Based Rendering with Projective Texture-Mapping},
    year = 1998
}

@article{Debevec96,
    author = {Paul Debevec and Camillo Taylor and Jitendra Malik},
    title = {Modeling and Rendering Architecture from Photographs},
    year = 1996
}

@article{Porquet05,
    author = {Damien Porquet and Jean-Michel Dischler and Djamchid Ghazanfarpour},
    title = {Real-Time High-Quality View-Dependent Texture Mapping using Per-Pixel Visibility},
    year = 2005
}

@article{SG05,
    author = {Damien Porquet and Jean-Michel Dischler and Djamchid Ghazanfarpour},
    title = {Real-Time High-Quality View-Dependent Texture Mapping using Per-Pixel Visibility - SIGGRAPH 2005},
    year = 2005
}

@article{Hoppe96,
    author = {Hugues Hoppe},
    title = {Progressive Meshes},
    year = 1996
}

@article{Garland97,
    author = {Michael Garland and Paul S. Heckbert},
    title = {Surface Simplification Using Quadric Error Metrics},
    year = 1997
}
